<record><leader>00000cas a22000007a 4500</leader><controlfield tag="001">10651536</controlfield><controlfield tag="008">840421d18691888ohuwr ne      0    0eng d</controlfield><datafield ind1=" " ind2=" " tag="010"><subfield code="a">sn 84028266 </subfield></datafield><datafield ind1=" " ind2=" " tag="040"><subfield code="a">NPY</subfield><subfield code="b">eng</subfield><subfield code="c">NPY</subfield><subfield code="d">ONP</subfield><subfield code="d">OCLCQ</subfield></datafield><datafield ind1=" " ind2=" " tag="042"><subfield code="a">msc</subfield></datafield><datafield ind1="0" ind2=" " tag="130"><subfield code="a">Medina County gazette (Medina, Ohio : 1869)</subfield></datafield><datafield ind1="1" ind2="4" tag="245"><subfield code="a">The Medina County gazette.</subfield></datafield><datafield ind1="1" ind2="3" tag="246"><subfield code="a">Medina gazette</subfield></datafield><datafield ind1=" " ind2=" " tag="260"><subfield code="a">Medina, Ohio :</subfield><subfield code="b">J.H. Greene,</subfield><subfield code="c">1869-1888.</subfield></datafield><datafield ind1=" " ind2=" " tag="300"><subfield code="a">v.</subfield></datafield><datafield ind1=" " ind2=" " tag="310"><subfield code="a">Weekly</subfield></datafield><datafield ind1="0" ind2=" " tag="362"><subfield code="a">Vol. 26, no. 1 (Jan. 1, 1869)-v. 54, no. 8 (Feb. 24, 1888).</subfield></datafield><datafield ind1=" " ind2=" " tag="500"><subfield code="a">Republican.</subfield></datafield><datafield ind1=" " ind2="4" tag="651"><subfield code="a">Medina (Ohio)</subfield><subfield code="v">Newspapers.</subfield></datafield><datafield ind1=" " ind2="4" tag="651"><subfield code="a">Medina County (Ohio)</subfield><subfield code="v">Newspapers.</subfield></datafield><datafield ind1=" " ind2=" " tag="752"><subfield code="a">United States</subfield><subfield code="b">Ohio</subfield><subfield code="c">Medina</subfield><subfield code="d">Medina.</subfield></datafield><datafield ind1="0" ind2="0" tag="780"><subfield code="t">Medina gazette</subfield><subfield code="w">(DLC)sn 84028265</subfield></datafield><datafield ind1="0" ind2="7" tag="785"><subfield code="t">Medina County news (Medina, Ohio)</subfield></datafield><datafield ind1="0" ind2="7" tag="785"><subfield code="t">Medina County gazette and news</subfield><subfield code="w">(DLC)sn 84028267</subfield></datafield><datafield ind1="1" ind2=" " tag="029"><subfield code="a">AU@</subfield><subfield code="b">000020533729</subfield></datafield></record>